<?xml version="1.0" encoding="UTF-8"?>
<collection xmlns:xsi="http://www.w3.org/2001/XMLSchema-instance" xsi:schemaLocation="http://www.loc.gov/MARC21/slim http://www.loc.gov/standards/marcxml/schema/MARC21slim.xsd" xmlns="http://www.loc.gov/MARC21/slim">
<record>
  <leader>00568cam a2200217 a 4500</leader>
  <controlfield tag="001">2521186</controlfield>
  <controlfield tag="003">NNC</controlfield>
  <controlfield tag="005">20100223002722.0</controlfield>
  <controlfield tag="008">960320s1971    iq                  ara  </controlfield>
  <datafield tag="010" ind1=" " ind2=" ">
    <subfield code="a">   74205926  </subfield>
  </datafield>
  <datafield tag="035" ind1=" " ind2=" ">
    <subfield code="a">(OCoLC)43950085</subfield>
  </datafield>
  <datafield tag="035" ind1=" " ind2=" ">
    <subfield code="a">(OCoLC)ocm43950085</subfield>
  </datafield>
  <datafield tag="035" ind1=" " ind2=" ">
    <subfield code="9">AQH4123CU</subfield>
  </datafield>
  <datafield tag="035" ind1=" " ind2=" ">
    <subfield code="a">(NNC)2521186</subfield>
  </datafield>
  <datafield tag="040" ind1=" " ind2=" ">
    <subfield code="a">DLC</subfield>
    <subfield code="c">DLC</subfield>
    <subfield code="d">MH</subfield>
    <subfield code="d">CStRLIN</subfield>
  </datafield>
  <datafield tag="090" ind1=" " ind2=" ">
    <subfield code="a">HC497.I7</subfield>
    <subfield code="b">T45</subfield>
  </datafield>
  <datafield tag="245" ind1="0" ind2="3">
    <subfield code="a">al-Thawrah al-ṣināʻīyah fī al-ʻIrāq.</subfield>
  </datafield>
  <datafield tag="260" ind1=" " ind2=" ">
    <subfield code="a">[Bagdad?,</subfield>
    <subfield code="c">1971]</subfield>
  </datafield>
  <datafield tag="300" ind1=" " ind2=" ">
    <subfield code="a">98 p. :</subfield>
    <subfield code="b">ill. ;</subfield>
    <subfield code="c">24 cm.</subfield>
  </datafield>
  <datafield tag="650" ind1=" " ind2="0">
    <subfield code="a">Industries</subfield>
    <subfield code="z">Iraq.</subfield>
  </datafield>
  <datafield tag="955" ind1=" " ind2=" ">
    <subfield code="b">CU58007580</subfield>
    <subfield code="d">off,leh</subfield>
    <subfield code="e">HC497.I7 T45</subfield>
  </datafield>
</record>
</collection>